[gd_scene load_steps=40 format=2]

[ext_resource path="res://assets/debris/metal_disk/debris_02_08.png" type="Texture" id=1]
[ext_resource path="res://assets/debris/metal_disk/debris_02_01.png" type="Texture" id=2]
[ext_resource path="res://assets/debris/metal_disk/debris_02_05.png" type="Texture" id=3]
[ext_resource path="res://assets/debris/metal_disk/debris_02_03.png" type="Texture" id=4]
[ext_resource path="res://assets/debris/metal_disk/debris_02_07.png" type="Texture" id=5]
[ext_resource path="res://assets/debris/metal_disk/debris_02_04.png" type="Texture" id=6]
[ext_resource path="res://assets/debris/metal_disk/debris_02_11.png" type="Texture" id=7]
[ext_resource path="res://assets/debris/metal_disk/debris_02_12.png" type="Texture" id=8]
[ext_resource path="res://assets/debris/metal_disk/debris_02_06.png" type="Texture" id=9]
[ext_resource path="res://assets/debris/metal_disk/debris_02_09.png" type="Texture" id=10]
[ext_resource path="res://assets/debris/metal_disk/debris_02_02.png" type="Texture" id=11]
[ext_resource path="res://assets/debris/metal_disk/debris_02_10.png" type="Texture" id=12]
[ext_resource path="res://obstacles/MetalDisk.gd" type="Script" id=13]
[ext_resource path="res://assets/explosion/explosion_02/explosion_02_06.png" type="Texture" id=14]
[ext_resource path="res://assets/explosion/explosion_02/explosion_02_01.png" type="Texture" id=15]
[ext_resource path="res://assets/explosion/explosion_02/explosion_02_10.png" type="Texture" id=16]
[ext_resource path="res://assets/explosion/explosion_02/explosion_02_11.png" type="Texture" id=17]
[ext_resource path="res://assets/explosion/explosion_02/explosion_02_12.png" type="Texture" id=18]
[ext_resource path="res://assets/explosion/explosion_02/explosion_02_04.png" type="Texture" id=19]
[ext_resource path="res://assets/explosion/explosion_02/explosion_02_05.png" type="Texture" id=20]
[ext_resource path="res://assets/explosion/explosion_02/explosion_02_07.png" type="Texture" id=21]
[ext_resource path="res://assets/explosion/explosion_02/explosion_02_02.png" type="Texture" id=22]
[ext_resource path="res://assets/explosion/explosion_02/explosion_02_08.png" type="Texture" id=23]
[ext_resource path="res://assets/explosion/explosion_02/explosion_02_17.png" type="Texture" id=24]
[ext_resource path="res://assets/explosion/explosion_02/explosion_02_23.png" type="Texture" id=25]
[ext_resource path="res://assets/explosion/explosion_02/explosion_02_24.png" type="Texture" id=26]
[ext_resource path="res://assets/explosion/explosion_02/explosion_02_22.png" type="Texture" id=27]
[ext_resource path="res://assets/explosion/explosion_02/explosion_02_13.png" type="Texture" id=28]
[ext_resource path="res://assets/explosion/explosion_02/explosion_02_14.png" type="Texture" id=29]
[ext_resource path="res://assets/explosion/explosion_02/explosion_02_15.png" type="Texture" id=30]
[ext_resource path="res://assets/explosion/explosion_02/explosion_02_16.png" type="Texture" id=31]
[ext_resource path="res://assets/explosion/explosion_02/explosion_02_09.png" type="Texture" id=32]
[ext_resource path="res://assets/explosion/explosion_02/explosion_02_21.png" type="Texture" id=33]
[ext_resource path="res://assets/explosion/explosion_02/explosion_02_18.png" type="Texture" id=34]
[ext_resource path="res://assets/explosion/explosion_02/explosion_02_19.png" type="Texture" id=35]
[ext_resource path="res://assets/explosion/explosion_02/explosion_02_20.png" type="Texture" id=36]
[ext_resource path="res://assets/explosion/explosion_02/explosion_02_03.png" type="Texture" id=37]

[sub_resource type="SpriteFrames" id=1]
animations = [ {
"frames": [ ExtResource( 2 ), ExtResource( 11 ), ExtResource( 4 ), ExtResource( 6 ), ExtResource( 3 ), ExtResource( 9 ), ExtResource( 5 ), ExtResource( 1 ), ExtResource( 10 ), ExtResource( 12 ), ExtResource( 7 ), ExtResource( 8 ) ],
"loop": true,
"name": "default",
"speed": 5.0
}, {
"frames": [ ExtResource( 15 ), ExtResource( 22 ), ExtResource( 37 ), ExtResource( 19 ), ExtResource( 20 ), ExtResource( 14 ), ExtResource( 21 ), ExtResource( 23 ), ExtResource( 32 ), ExtResource( 16 ), ExtResource( 17 ), ExtResource( 18 ), ExtResource( 28 ), ExtResource( 29 ), ExtResource( 30 ), ExtResource( 31 ), ExtResource( 24 ), ExtResource( 34 ), ExtResource( 35 ), ExtResource( 36 ), ExtResource( 33 ), ExtResource( 27 ), ExtResource( 25 ), ExtResource( 26 ) ],
"loop": true,
"name": "explosion",
"speed": 30.0
} ]

[sub_resource type="CircleShape2D" id=2]
radius = 113.137

[node name="MetalDisk" type="Area2D" groups=[
"obstacles",
]]
scale = Vector2( 0.5, 0.5 )
collision_layer = 2
collision_mask = 5
script = ExtResource( 13 )
__meta__ = {
"_edit_group_": true
}

[node name="AnimatedSprite" type="AnimatedSprite" parent="."]
frames = SubResource( 1 )
frame = 8
playing = true

[node name="CollisionShape2D" type="CollisionShape2D" parent="."]
shape = SubResource( 2 )
[connection signal="area_entered" from="." to="." method="_on_MetalDisk_area_entered"]
